%%
% The BIThesis Template for Undergraduate Proposal Report
%
% 北京理工大学毕业设计开题报告 —— 使用 XeLaTeX 编译
%
% Copyright 2020-2022 BITNP
%
% This work may be distributed and/or modified under the
% conditions of the LaTeX Project Public License, either version 1.3
% of this license or (at your option) any later version.
% The latest version of this license is in
%   http://www.latex-project.org/lppl.txt
% and version 1.3 or later is part of all distributions of LaTeX
% version 2005/12/01 or later.
%
% This work has the LPPL maintenance status `maintained'.
%
% The Current Maintainer of this work is Feng Kaiyu.
%
% This work consists of the files main.tex, misc/cover.tex and
% the external PDF misc/reviewTable.pdf
%
% Compile with: xelatex -> biber -> xelatex -> xelatex
%%

@article{iov,
  author  = {汤立波 and 康陈},
  journal = {电信科学},
  title   = {{车联网产业融合发展趋势}},
  year    = {2019},
  pages   = {96-100},
  volume  = {35},
  number  = {11}
}

@article{blockchainCurrent,
  author  = {袁勇 and 王飞跃},
  journal = {自动化学报},
  title   = {{区块链技术发展现状与展望}},
  year    = {2016},
  pages   = {481-494},
  volume  = {45},
  number  = {8}
}

% [7] Liu C, Zhang G, Guo W, et al. Kalman prediction-based neighbor discovery and its effect on routing
protocol in vehicular ad hoc networks[J]. IEEE Transactions on Intelligent Transportation Systems, 2019,
21(1): 159-169.

@article{limits,
  author  = {C Liu and G Zhang and W Guo and so-on},
  journal = {IEEE Transactions on Intelligent Transportation Systems},
  title   = {{Kalman prediction-based neighbor discovery and its effect on routing protocol in vehicular ad hoc networks}},
  year    = {2019},
  volume  = {21},
  number  = {1},
  pages   = {159-169}
}

@article{sensors,
  author  = {Chang Zhou and Huimei Lu and Yong Xiang and J Wu and F Wang},
  journal = {Sensors [Online]. Available: https://doi. org/10. 3390/s22228885},
  title   = {{Geohash-Based Rapid Query Method of Regional Transactions in Blockchain for Internet of Vehicles}},
  year    = {2022}
}

@article{geohash_intro,
  author = {李玮琪},
  title  = {{基于区块链和手机传感器的车辆位置验证}},
  year   = {2020}
}

@article{a_star,
  author  = {张海亮 and 张征},
  title   = {{基于GeoHash索引的A*算法优化}},
  journal = {火力与指挥控制},
  volume  = {46},
  number  = {6},
  pages   = {78-83},
  year    = {2021}
}

@inproceedings{7160068,
  author    = {Moussalli, Roger and Srivatsa, Mudhakar and Asaad, Sameh},
  booktitle = {2015 IEEE 23rd Annual International Symposium on Field-Programmable Custom Computing Machines},
  title     = {Fast and Flexible Conversion of Geohash Codes to and from Latitude/Longitude Coordinates},
  year      = {2015},
  volume    = {},
  number    = {},
  pages     = {179-186},
  doi       = {10.1109/FCCM.2015.18}
}

@online{about_geth,
  title = {go-ethereum},
  url   = {https://geth.ethereum.org}
}

@article{system_programming,
  author  = {Ralf Jung and Jacques-Henri Jourdan and Robbert Krebbers and Derek Dreyer},
  title   = {{Safe Systems Programming in Rust}},
  journal = {Communications of the ACM},
  volume  = {64},
  number  = {4},
  pages   = {144-152},
  year    = {2021}
}

@online{about_substrate,
  title = {Home | Substrate},
  url   = {https://substrate.io/}
}
